@article{wang2015improved,
  title={Improved ancestry estimation for both genotyping and sequencing data using projection procrustes analysis and genotype imputation},
  author={Wang, Chaolong and Zhan, Xiaowei and Liang, Liming and Abecasis, Gon{\c{c}}alo R and Lin, Xihong},
  journal={The American Journal of Human Genetics},
  volume={96},
  number={6},
  pages={926--937},
  year={2015},
  publisher={Elsevier}
}

@article{dey2016asymptotic,
  title={Asymptotic properties of Principal Component Analysis and shrinkage-bias adjustment under the Generalized Spiked Population model},
  author={Dey, Rounak and Lee, Seunggeun},
  journal={arXiv preprint arXiv:1607.08647},
  year={2016}
}

@inproceedings{brand2002incremental,
  title={Incremental singular value decomposition of uncertain data with missing values},
  author={Brand, Matthew},
  booktitle={European Conference on Computer Vision},
  pages={707--720},
  year={2002},
  organization={Springer}
}

@Manual{hdpca,
    title = {hdpca: Principal Component Analysis in High-Dimensional Data},
    author = {Rounak Dey and Seunggeun Lee},
    year = {2016},
    note = {R package version 1.0.0},
    url = {https://CRAN.R-project.org/package=hdpca},
}

@Book{jolliffe2002principal,
 author = {Jolliffe, I. T.},
 title = {Principal component analysis},
 publisher = {Springer},
 year = {2002},
 address = {New York},
 isbn = {978-0-387-95442-4}
 }

@article{price2006principal,
  title={Principal components analysis corrects for stratification in genome-wide association studies},
  author={Price, Alkes L and Patterson, Nick J and Plenge, Robert M and Weinblatt, Michael E and Shadick, Nancy A and Reich, David},
  journal={Nature genetics},
  volume={38},
  number={8},
  pages={904},
  year={2006},
  publisher={Nature Publishing Group}
}

@article{reich2008principal,
  title={Principal component analysis of genetic data},
  author={Reich, David and Price, Alkes L and Patterson, Nick},
  journal={Nature genetics},
  volume={40},
  number={5},
  pages={491},
  year={2008},
  publisher={Nature Publishing Group}
}

@article{wang2014ancestry,
  title={Ancestry estimation and control of population stratification for sequence-based association studies},
  author={Wang, Chaolong and Zhan, Xiaowei and Bragg-Gresham, Jennifer and Kang, Hyun Min and Stambolian, Dwight and Chew, Emily Y and Branham, Kari E and Heckenlively, John and Fulton, Robert and Wilson, Richard K and others},
  journal={Nature genetics},
  volume={46},
  number={4},
  pages={409},
  year={2014},
  publisher={Nature Publishing Group}
}

@article{halko2011finding,
  title={Finding structure with randomness: Probabilistic algorithms for constructing approximate matrix decompositions},
  author={Halko, Nathan and Martinsson, Per-Gunnar and Tropp, Joel A},
  journal={SIAM review},
  volume={53},
  number={2},
  pages={217--288},
  year={2011},
  publisher={SIAM}
}