@article{wang2015improved,
  title={Improved ancestry estimation for both genotyping and sequencing data using projection procrustes analysis and genotype imputation},
  author={Wang, Chaolong and Zhan, Xiaowei and Liang, Liming and Abecasis, Gon{\c{c}}alo R and Lin, Xihong},
  journal={The American Journal of Human Genetics},
  volume={96},
  number={6},
  pages={926--937},
  year={2015},
  publisher={Elsevier}
}

@article{dey2016asymptotic,
  title={Asymptotic properties of Principal Component Analysis and shrinkage-bias adjustment under the Generalized Spiked Population model},
  author={Dey, Rounak and Lee, Seunggeun},
  journal={arXiv preprint arXiv:1607.08647},
  year={2016}
}

@inproceedings{brand2002incremental,
  title={Incremental singular value decomposition of uncertain data with missing values},
  author={Brand, Matthew},
  booktitle={European Conference on Computer Vision},
  pages={707--720},
  year={2002},
  organization={Springer}
}

@Manual{hdpca,
    title = {hdpca: Principal Component Analysis in High-Dimensional Data},
    author = {Rounak Dey and Seunggeun Lee},
    year = {2016},
    note = {R package version 1.0.0},
    url = {https://CRAN.R-project.org/package=hdpca},
}
